@book{SomeSurname1984,
	title =			{SomeTitle},
	author = 		{I. SomeSurname},
	publisher = 	{SomePublisher},
	year =			{1984},
}

